<record xmlns='http://www.loc.gov/MARC21/slim'><leader>01466cam a2200349 a 4500</leader><controlfield tag='001'>3926789</controlfield><controlfield tag='005'>20150701101741.0</controlfield><controlfield tag='007'>he bmb---bbca</controlfield><controlfield tag='008'>861111s1983    caua    b    f00010 eng d</controlfield><datafield ind1=' ' ind2=' ' tag='035'><subfield code='a'>3926789</subfield></datafield><datafield ind1=' ' ind2=' ' tag='040'><subfield code='a'>GPO</subfield><subfield code='c'>GPO</subfield></datafield><datafield ind1=' ' ind2=' ' tag='043'><subfield code='a'>n-us---</subfield></datafield><datafield ind1=' ' ind2=' ' tag='074'><subfield code='a'>0466-A-03 (MF)</subfield></datafield><datafield ind1='0' ind2=' ' tag='086'><subfield code='a'>ED 1.310/2:251419</subfield></datafield><datafield ind1=' ' ind2=' ' tag='091'><subfield code='a'>mfm</subfield></datafield><datafield ind1='1' ind2=' ' tag='100'><subfield code='a'>Buchanan, Aaron.</subfield></datafield><datafield ind1='1' ind2='0' tag='245'><subfield code='a'>Instructional risk reduction</subfield><subfield code='h'>[microform] :</subfield><subfield code='b'>an alternative to instructional remediation /</subfield><subfield code='c'>Aaron Buchanan.</subfield></datafield><datafield ind1=' ' ind2=' ' tag='260'><subfield code='a'>Los Alamitos, Calif. :</subfield><subfield code='b'>SWRL Educational Research and Development,</subfield><subfield code='c'>1983.</subfield></datafield><datafield ind1=' ' ind2=' ' tag='300'><subfield code='a'>ii, 38 p. ;</subfield><subfield code='b'>ill. ;</subfield><subfield code='c'>28 cm.</subfield></datafield><datafield ind1='1' ind2=' ' tag='490'><subfield code='a'>Technical report ;</subfield><subfield code='v'>81</subfield></datafield><datafield ind1=' ' ind2=' ' tag='500'><subfield code='a'>Spons agency: National Institute of Education&quot;--Doc. resume p.</subfield></datafield><datafield ind1=' ' ind2=' ' tag='500'><subfield code='a'>Distributed to depository libraries in microfiche.</subfield></datafield><datafield ind1=' ' ind2=' ' tag='500'><subfield code='a'>&quot;September 1, 1983&quot;--Cover.</subfield></datafield><datafield ind1=' ' ind2=' ' tag='506'><subfield code='a'>&quot;This document has been distributed to a limited audience for a limited purpose. It is not published&quot;--P. [2] of cover.</subfield></datafield><datafield ind1=' ' ind2='0' tag='650'><subfield code='a'>Learning ability.</subfield></datafield><datafield ind1=' ' ind2='0' tag='650'><subfield code='a'>Learning disabilities</subfield><subfield code='z'>United States</subfield></datafield><datafield ind1=' ' ind2='0' tag='650'><subfield code='a'>Slow learning children</subfield><subfield code='z'>United States</subfield></datafield><datafield ind1=' ' ind2='0' tag='650'><subfield code='a'>Education, Elementary</subfield><subfield code='z'>United States</subfield></datafield><datafield ind1='2' ind2=' ' tag='710'><subfield code='a'>Southwest Regional Laboratory for Educational Research and Development.</subfield></datafield><datafield ind1='2' ind2=' ' tag='710'><subfield code='a'>National Institute of Education (U.S.)</subfield></datafield><datafield ind1=' ' ind2='0' tag='830'><subfield code='a'>Technical report (Southwest Regional Laboratory for Educational Research and Development) ;</subfield><subfield code='v'>81.</subfield></datafield><datafield ind1=' ' ind2=' ' tag='984'><subfield code='a'>ANL</subfield><subfield code='c'>mc SUDOC ED 1.310/2:251419</subfield></datafield></record>